<?xml version="1.0" encoding="UTF-8"?><collection xmlns="http://www.loc.gov/MARC21/slim"><record><leader>00611nam--2200205-u-4500</leader><controlfield tag="001">000051224</controlfield><controlfield tag="002">20161230</controlfield><controlfield tag="005">20161230201049</controlfield><controlfield tag="008">080602s1000------------r-----000-0-eng-d</controlfield><datafield ind1=" " ind2=" " tag="020"><subfield code="a">0-8218-1178-9</subfield></datafield><datafield ind1=" " ind2=" " tag="040"><subfield code="a">IFIN-HH</subfield></datafield><datafield ind1=" " ind2=" " tag="080"><subfield code="a">514.154</subfield></datafield><datafield ind1="1" ind2=" " tag="100"><subfield code="a">Karasev,M.V.(Ed.)</subfield></datafield><datafield ind1="1" ind2="0" tag="245"><subfield code="a">Coherent Transform, Quantization, and Poisson Geometry</subfield><subfield code="h">M.V. Karasev</subfield></datafield><datafield ind1=" " ind2=" " tag="260"><subfield code="a">Providence</subfield><subfield code="b">American Mathematical Society</subfield><subfield code="c">1998</subfield></datafield><datafield ind1=" " ind2=" " tag="300"><subfield code="a">360 p</subfield></datafield><datafield ind1=" " ind2=" " tag="490"><subfield code="a">Advances in the Mathematical sciences Translations Series 2</subfield><subfield code="v">vol. 187</subfield></datafield><datafield ind1="1" ind2=" " tag="700"><subfield code="a">M.V Karasev</subfield></datafield><datafield ind1=" " ind2=" " tag="852"><subfield code="a">81464</subfield><subfield code="c">513</subfield></datafield><datafield ind1=" " ind2=" " tag="CAT"><subfield code="a">Sys</subfield><subfield code="c">20080602</subfield><subfield code="h">130726</subfield></datafield></record></collection>